@article{Duch_ne_2013,
  doi = {10.1146/annurev-astro-081710-102602},
  url = {http://dx.doi.org/10.1146/annurev-astro-081710-102602},
  year = {2013},
  month = {aug},
  publisher = {Annual Reviews},
  volume = {51},
  number = {1},
  pages = {269--310},
  author = {Gaspard Duch{\^{e}}ne and Adam Kraus},
  title = {{Stellar Multiplicity}},
  journal = {Annual Review of Astronomy and Astrophysics},
}


@article{Rayner_2003,
  doi = {10.1086/367745},
  url = {http://dx.doi.org/10.1086/367745},
  year = {2003},
  month = {mar},
  publisher = {University of Chicago Press},
  volume = {115},
  number = {805},
  pages = {362--382},
  author = {J.~T. Rayner and D.~W. Toomey and P.~M. Onaka and A.~J. Denault and W.~E. Stahlberger and W.~D. Vacca and M.~C. Cushing and S. Wang},
  title = {{{SpeX}: A Medium-Resolution 0.8{\textendash}5.5 Micron Spectrograph and Imager for the {NASA} Infrared Telescope Facility}},
  journal = {Publications of the Astronomical Society of the Pacific},
}


@article{Vacca_2003,
  doi = {10.1086/346193},
  url = {http://dx.doi.org/10.1086/346193},
  year = {2003},
  month = {mar},
  publisher = {University of Chicago Press},
  volume = {115},
  number = {805},
  pages = {389--409},
  author = {William~D. Vacca and Michael~C. Cushing and John~T. Rayner},
  title = {{A Method of Correcting Near-Infrared Spectra for Telluric Absorption1}},
  journal = {Publications of the Astronomical Society of the Pacific},
}



@INPROCEEDINGS{1998SPIE.3354..468R,
   author = {{Rayner}, J.~T. and {Toomey}, D.~W. and {Onaka}, P.~M. and {Denault}, A.~J. and 
  {Stahlberger}, W.~E. and {Watanabe}, D.~Y. and {Wang}, S.-I.
  },
    title = "{SpeX: a medium-resolution IR spectrograph for IRTF}",
booktitle = {Infrared Astronomical Instrumentation},
     year = 1998,
   series = {\procspie},
   volume = 3354,
   editor = {{Fowler}, A.~M.},
    month = aug,
    pages = {468-479},
   adsurl = {http://adsabs.harvard.edu/abs/1998SPIE.3354..468R},
  adsnote = {Provided by the SAO/NASA Astrophysics Data System}
}

@ARTICLE{Cushing_2004,
  author = {{Cushing}, M.~C. and {Vacca}, W.~D. and {Rayner}, J.~T.},
  title = {{Spextool: A Spectral Extraction Package for SpeX, a 0.8-5.5 Micron Cross-Dispersed Spectrograph}},
  journal = {\pasp},
  keywords = {Instrumentation: Spectrographs, Methods: Data Analysis, Techniques: Spectroscopic},
  year = {2004},
  month = {apr},
  volume = {116},
  pages = {362-376},
  doi = {10.1086/382907},
  adsurl = {http://adsabs.harvard.edu/abs/2004PASP..116..362C},
  adsnote = {Provided by the SAO/NASA Astrophysics Data System},
}


@PROCEEDINGS{Joyce_1992,
  title = {{Astronomical CCD observing and reduction techniques}},
  keywords = {Astronomical Photography, Astronomical Photometry, Charge Coupled Devices, Imaging Techniques, Very Large Array (Vla), Computer Programs, Data Flow Analysis, Noise Reduction, Time Series Analysis},
  booktitle = {Astronomical CCD Observing and Reduction Techniques},
  year = {1992},
  series = {Astronomical Society of the Pacific Conference Series},
  volume = {23},
  editor = {{Howell}, S.~B.},
  adsurl = {http://adsabs.harvard.edu/abs/1992ASPC...23.....H},
  adsnote = {Provided by the SAO/NASA Astrophysics Data System},
}


@MISC{Carpenter_2006,
  author = {{Carpenter}, J. and {Hillenbrand}, L. and {Mamajek}, E. and {Meyer}, M. and {Slesnick}, C.},
  title = {{Circumstellar Disks in the Upper Scorpius OB Association}},
  howpublished = {Spitzer Proposal},
  year = {2006},
  month = {may},
  adsurl = {http://adsabs.harvard.edu/abs/2006sptz.prop30091C},
  adsnote = {Provided by the SAO/NASA Astrophysics Data System},
}


@article{Rayner_2009,
  doi = {10.1088/0067-0049/185/2/289},
  url = {http://dx.doi.org/10.1088/0067-0049/185/2/289},
  year = {2009},
  month = {nov},
  publisher = {{IOP} Publishing},
  volume = {185},
  number = {2},
  pages = {289--432},
  author = {John T. Rayner and Michael C. Cushing and William D. Vacca},
  title = {{{THE} {INFRARED} {TELESCOPE} {FACILITY} ({IRTF}) {SPECTRAL} {LIBRARY}: {COOL} {STARS}}},
  journal = {{ApJS}},
}


@article{Cushing_2005,
  doi = {10.1086/428040},
  url = {http://dx.doi.org/10.1086/428040},
  year = {2005},
  month = {apr},
  publisher = {{IOP} Publishing},
  volume = {623},
  number = {2},
  pages = {1115--1140},
  author = {Michael C. Cushing and John T. Rayner and William D. Vacca},
  title = {{An Infrared Spectroscopic Sequence of M L, and T Dwarfs}},
  journal = {{ApJ}},
}


@article{Sembach_1992,
  doi = {10.1086/191734},
  url = {http://dx.doi.org/10.1086/191734},
  year = {1992},
  month = {nov},
  publisher = {{IOP} Publishing},
  volume = {83},
  pages = {147},
  author = {Kenneth R. Sembach and Blair D. Savage},
  title = {{Observations of highly ionized gas in the Galactic halo}},
  journal = {{ApJS}},
}
